
@MastersThesis{actor:2018,
  author =	{Jonas Actor},
  title =	{Computation for the {K}olmogorov Superposition Theorem},
  school =	{Rice University},
  year =	2018,
  month =	may
}

@Article{arnold:1957,
  author =	{Vladimir I. Arnold},
  title =	{On functions of three variables (in {R}ussian)},
  journal =	{Dokl. Akad. Nauk SSSR},
  year =	1957,
  volume =	114,
  number =	4,
  note =	{English translation in Givental et al., Vladimir I. Arnold, Collected Works, vol 1. Springer, 2009},
  url =		{https://doi.org/10.1007/978-3-642-01742-1_2}
}

@Misc{basina-etal:2024,
  author  = {Divesh Basina and Joseph Raj Vishal and Aarya Choudhary and Bharatesh Chakravarthi},
  title   = {{KAT} to {KAN}s: A Review of {K}olmogorov-{A}rnold {N}etworks and the Neural Leap Forward},
  year    = 2024,
  month   = nov,
  howpublished = {arXiv:2411.10622 [cs.LG]},
  url     = {https://arxiv.org/abs/2411.10622}
}

@MastersThesis{bragg:2016,
  author =	{Aaron R. Bragg},
  title =	{On the {K}olmogorov-{A}rnold Representation Theorem for Continuous Functions},
  school =	{Wichita State University},
  year =	2016,
  month =	dec
}

@Article{braun-griebel:2009,
  author =	{J{\" u}rgen Braun and Michael Griebel},
  title =	{On a Constructive Proof of {K}olmogorov's Superposition Theorem},
  journal =	{Constr Approx},
  year =	2009,
  volume =	30,
  url =		{https://doi.org/10.1007/s00365-009-9054-2}
}

@Article{girosi-poggio:1989,
  author =	{Federico Girosi and Tomaso Poggio},
  title =	{Representation Properties of Networks: {K}olmogorov's Theorem is Irrelevant},
  journal =	{Neural Computation},
  year =	1989,
  month =	dec,
  volume =	1,
  number =	4,
  url =		{https://doi.org/10.1162/neco.1989.1.4.465}
}

@PhdThesis{feng:2010,
  author =	{Ziqin Feng},
  title =	{{H}ilbert's 13th Problem},
  school =	{University of Pittsburg},
  year =	2010,
  month =	jan
}

@InProceedings{hecht:1987,
  author =	{Hecht-Nielsen, Robert},
  title =	{{K}olmogorov's Mapping Neural Network Existence Theorem},
  booktitle =	{IEEE First International Conference on Neural Networks},
  year =	1987
}

@Article{hilbert:1902,
  author =	{David Hilbert},
  title =	{Mathematical Problems},
  journal =	{Bulletin of the American Mathematical Society},
  year =	1902,
  volume =	8,
  url =		{https://doi.org/10.1090/S0002-9904-1902-00923-3}
}

@Article{schmidt:2021,
  author =	{Johannes Schmidt-Hieber},
  title =	{The {K}olmogorov-{A}rnold Representation Theorem Revisited},
  journal =	{Neural Networks},
  year =	2021,
  volume =	137,
  url =		{https://doi.org/10.1016/j.neunet.2021.01.020}
}

@Article{kolmogorov:1957,
  author =	{Andrey N. Kolmogorov},
  title =	{On the representation of continuous functions of many variables by superposition of continuous functions of one variable and addition},
  journal =	{Dokl. Akad. Nauk SSSR},
  year =	1957,
  volume =	114,
  number =	5,
  url =		{https://www.mathnet.ru/eng/dan22050}
}

@Article{kurkova:1991,
  author =	{V\v{e}ra K\r{u}rkov\'{a}},
  title =	{{K}olmogorov's Theorem is Relevant},
  journal =	{Neural Computation},
  year =	1991,
  volume =	3,
  number =	4,
  pages =	{617--622},
  url =		{doi:10.1162/neco.1991.3.4.617}
}

@Article{leshno:1993,
  author  = {Moshe Leshno and Vladimir Ya. Lin and Allan Pinkus and Shimon Schocken},
  title   = {Multilayer feedforward networks with a nonpolynomial activation function can approximate any function},
  journal = {Neural Networks},
  year    = {1993},
  volume  = {6},
  number  = {6},
  pages   = {861--867},
  url     = {https://doi.org/10.1016/S0893-6080(05)80131-5},
}

@PhdThesis{liu:2015,
  author =	{Xing Liu},
  title =	{{K}olmogorov's Superposition Theorem and Its Applications},
  school =	{Imperial College of London},
  year =	2015,
  month =	sep
}

@Misc{liu-wang-etal:2024,
  author  = {Ziming Liu and
             Yixuan Wang and
             Sachin Vaidya and
             Fabian Ruehle and
             James Halverson and
             Marin Solja{\v{c}}i{\'c} and
             Thomas Y. Hou and
             Max Tegmark},
  title   = {{KAN:} {K}olmogorov-{A}rnold {N}etworks},
  year    = 2024,
  month   = jun,
  howpublished = {arXiv:2404.19756 [cs.LG]},
  url     = {https://arxiv.org/abs/2404.19756}
}

@Misc{liu-ma-etal:2024,
  author =      {Ziming Liu and Pingchuan Ma and Yixuan Wang and
                 Wojciech Matusik and Max Tegmark},
  title =       {{KAN} 2.0: {K}olmogorov-{A}rnold {N}etworks Meet Science},
  year =        2024,
  month =       aug,
  howpublished ={arXiv:2408.10205 [cs.LG]},
  url =         {https://doi.org/10.48550/arXiv.2408.10205},
  tltr =        {MultKAN, KAN with multiplication nodes}
}

@Article{sprecher:1965,
  author =	{David A. Sprecher},
  title =	{On the Structure of Continuous Functions of Several Variables},
  journal =	{Transactions of the {A}merican {M}athematical {S}ociety},
  year =	1965,
  volume =	115,
  url =		{https://doi.org/10.1090/S0002-9947-1965-0210852-X}
}

@Article{sprecher:1972,
  author =	{David A. Sprecher},
  title =	{An Improvement in the Superposition Theorem of {K}olmogorov},
  journal =	{Journal of Mathematical Analysis and Applications},
  year =	1972,
  month =	apr,
  volume =	38,
  number =	1,
  url =		{https://doi.org/10.1016/0022-247X(72)90129-1}
}

@Article{vitushkin:2004,
  author =	{Anatoliy Georgievich Vitushkin},
  title =	{On {H}ilbert's Thirteenth Problem and Related Questions},
  journal =	{Russian Mathematical Surveys},
  year =	2004,
  volume =	59,
  number =	1,
  url =		{https://doi.org/10.1070/RM2004v059n01ABEH000698}
}

@InProceedings{kaihuai:1998,
  author    = {Kaihuai Qin},
  booktitle = {Proceedings Pacific Graphics '98. Sixth Pacific Conference on Computer Graphics and Applications (Cat. No.98EX208)},
  title     = {General matrix representations for B-splines},
  year      = {1998},
  pages     = {37--43},
  doi       =  {https://doi.org/10.1109/PCCGA.1998.731996}}


@Article{deboor:1978,
title   = {A Practical Guide to Spline},
author  = {Carl de Boor},
year    = {1978},
volume  = {27},
journal = {Applied Mathematical Sciences},
doi     = {https://doi.org/10.1109/10.2307/2006241}
}


@Misc{tkan:2024,
  title =       {{TKAN}: Temporal {K}olmogorov-{A}rnold {N}etworks},
  author =      {Remi Genet and Hugo Inzirillo},
  year =        {2024},
  howpublished ={arXiv:2405.07344 {[cs.LG]}},
  url =         {https://doi.org/10.48550/arXiv.2405.07344}
}

@Misc{sigkan:2024,
  title =       {{SigKAN}: Signature-Weighted {K}olmogorov-{A}rnold {N}etworks for Time Series},
  author =      {Remi Genet and Hugo Inzirillo},
  year =        {2024},
  howpublished ={arXiv:2406.17890 {[cs.LG]}},
  url =         {https://doi.org/10.48550/arXiv.2406.17890}
}

@Misc{tkat:2024,
  title =       {A Temporal Kolmogorov-Arnold Transformer for Time Series Forecasting},
  author =      {Remi Genet and Hugo Inzirillo},
  year =        {2024},
  howpublished ={arXiv:2406.02486 {[cs.LG]}},
  url =         {https://doi.org/10.48550/arXiv.2406.02486}
}

@Misc{wavkan:2024,
  title =       {{Wav-KAN}: Wavelet {K}olmogorov-{A}rnold {N}etworks},
  author =      {Zavareh Bozorgasl and Hao Chen},
  year =        {2024},
  howpublished ={arXiv:2405.12832 {[cs.LG]}},
  url =         {https://doi.org/10.48550/arXiv.2405.12832}
}

@Misc{vacarubio-blanco-etal:2024,
  title =       {{K}olmogorov-{A}rnold {N}etworks {(KANs)} for Time Series Analysis},
  author =      {Cristian J. Vaca-Rubio and Luis Blanco and
                 Roberto Pereira and M\`{a}rius Caus},
  year =        {2024},
  howpublished ={arXiv:2405.08790 {[eess.SP]}},
  url =         {https://doi.org/10.48550/arXiv.2405.08790}
}

@Misc{kan-odes:2024,
  title =       {{KAN-ODEs}: {K}olmogorov-{A}rnold {N}etwork Ordinary Differential Equations for Learning Dynamical Systems and Hidden Physics},
  author =      {Benjamin C. Koenig and
                  Suyong Kim and
                  Sili Deng},
  year =        {2024},
  howpublished ={arXiv:2407.04192 {[cs.LG]}},
  url =         {https://doi.org/10.48550/arXiv.2407.04192}
}
